<?xml version="1.0" encoding="UTF-8"?><collection xmlns="http://www.loc.gov/MARC21/slim"><record><leader>00441nam--2200121-i-4500</leader><controlfield tag="001">000004293</controlfield><controlfield tag="002">20161230</controlfield><controlfield tag="005">20161230201025</controlfield><controlfield tag="008">060222s1000------------r-----000-0-eng-d</controlfield><datafield ind1=" " ind2=" " tag="100"><subfield code="a">Torre De Assuncao, C.F., Silveira, Marieta Da, Mendez, F.J</subfield></datafield><datafield ind1=" " ind2=" " tag="245"><subfield code="a">O zircao de alter pedroso (alter do chao) e o do filao da boa esperanca (ribaue-mocambique). estudo radiografico</subfield></datafield><datafield ind1=" " ind2=" " tag="260"><subfield code="a">Lisboa, Comissao De Estudos Da Energia Nuclear 1957</subfield></datafield><datafield ind1=" " ind2=" " tag="490"><subfield code="a">13p</subfield></datafield></record></collection>